@article{AuthorYear,
  title={Some Example Title},
  author={Name S. Author},
  journal={Some Example Journal},
  volume={1},
  number={2},
  pages={11--111},
  year={2021}
}

@misc{ModelMcCullochPitts,
	title        = {Модель МакКаллока-Питтса},
	howpublished = {\url{http://www.machinelearning.ru/wiki/index.php?title=Модель_МакКаллока-Питтса}},
	note         = {Доступ 29.10.2024}
}

@misc{VorontsovSite,
	title        = {Лекции по машинному обучению К.В.Воронцова},
	howpublished = {\url{http://www.machinelearning.ru/wiki/index.php?title=Машинное_обучение_(курс_лекций,_К.В.Воронцов)}},
	note         = {Доступ 31.10.2024}
}

@article{lecun1989optimal,
  title={Optimal brain damage},
  author={LeCun, Yann and Denker, John and Solla, Sara},
  journal={Advances in neural information processing systems},
  volume={2},
  year={1989}
}

@article{hassibi1992second,
  title={Second order derivatives for network pruning: Optimal brain surgeon},
  author={Hassibi, Babak and Stork, David},
  journal={Advances in neural information processing systems},
  volume={5},
  year={1992}
}

@article{mozer1988skeletonization,
  title={Skeletonization: A technique for trimming the fat from a network via relevance assessment},
  author={Mozer, Michael C and Smolensky, Paul},
  journal={Advances in neural information processing systems},
  volume={1},
  year={1988}
}

@misc{VorontsovOptBrainDamage,
	title        = {Оптимальное прореживание нейронных сетей},
	howpublished = {\url{http://www.machinelearning.ru/wiki/index.php?title=Оптимальное_прореживание_нейронных_сетей}},
}
